% Encoding: windows-1252

@Misc{Ajay2013,
  author        = {Ajay, G and Suneel, M and Kumar, K Kiran and Prasad, P Siva},
  title         = {Quality evaluation of Rice grains using Morphological Methods},
  year          = {2013},
  __markedentry = {[Sicafe:1]},
  file          = {:data/Ajay2013.pdf:PDF},
  journal       = {International Journal of Soft Computing and Engineering (IJSCE)},
  keywords      = {rank1},
}

@Article{Alibeyglu2013,
  author        = {Alibeyglu, Saman Zohrabi and Ghaffari, Hosein and Alipasandi, Amir and others},
  title         = {Estimating Surface Area of three Peach Varieties Using Allometric Relationships Obtain from Project Area},
  journal       = {International Journal of Agronomy and Plant Production},
  year          = {2013},
  volume        = {4},
  number        = {8},
  pages         = {1978--1984},
  __markedentry = {[Sicafe:1]},
  file          = {:data/Alibeyglu2013.pdf:PDF},
  keywords      = {rank3},
  publisher     = {Victor Quest Publications},
}

@InProceedings{Carter2005,
  author        = {Carter, Robert M and Yan, Yong},
  title         = {Measurement of particle shape using digital imaging techniques},
  booktitle     = {Journal of Physics: Conference Series},
  year          = {2005},
  volume        = {15},
  pages         = {177},
  organization  = {IOP Publishing},
  __markedentry = {[Sicafe:1]},
  comment       = {1},
  file          = {:data/Carter2005.pdf:PDF},
  keywords      = {rank5},
}

@Article{Clayton1995,
  author        = {Clayton, Murray and Amos, Nevin D and Banks, Nigel H and Morton, R Hugh},
  title         = {Estimation of apple fruit surface area},
  journal       = {New Zealand Journal of Crop and Horticultural Science},
  year          = {1995},
  volume        = {23},
  pages         = {345 -- 349},
  __markedentry = {[Sicafe:1]},
  file          = {:data/Clayton1995.pdf:PDF},
  keywords      = {rank2},
  publisher     = {Taylor \& Francis},
}

@Article{Girma2013,
  author        = {Girma, Biniyam and Abebe, Getachew and Goro, Girma},
  title         = {Characterization and Classification of Hararghe Coffee (Coffea arabica L.) Beans Using Morphological Attributes Based on Classical Images},
  journal       = {East African Journal of Sciences},
  year          = {2013},
  volume        = {7},
  number        = {1},
  pages         = {11--16},
  __markedentry = {[Sicafe:1]},
  comment       = {1},
  file          = {:data/Girma2013.pdf:PDF},
  keywords      = {rank2},
}

@Article{Liu1998,
  author        = {Liu, W and Tao, Y and Siebenmorgen, TJ and Chen, H},
  title         = {Digital image analysis method for rapid measurement of rice degree of milling 1},
  journal       = {Cereal chemistry},
  year          = {1998},
  volume        = {75},
  number        = {3},
  pages         = {380--385},
  __markedentry = {[Sicafe:1]},
  file          = {:data/Liu1998.pdf:PDF},
  keywords      = {rank3},
  publisher     = {AACC International},
}

@Article{Maerz2004,
  author        = {Maerz, Norbert H},
  title         = {Technical and computational aspects of the measurement of aggregate shape by digital image analysis},
  journal       = {Journal of Computing in Civil Engineering},
  year          = {2004},
  volume        = {18},
  number        = {1},
  pages         = {10--18},
  __markedentry = {[Sicafe:1]},
  file          = {:data/Maerz2004.pdf:PDF},
  keywords      = {rank1},
  publisher     = {American Society of Civil Engineers},
}

@Article{Omid2010,
  author        = {Omid, M and Khojastehnazhand, M and Tabatabaeefar, A},
  title         = {Estimating volume and mass of citrus fruits by image processing technique},
  journal       = {Journal of Food Engineering},
  year          = {2010},
  volume        = {100},
  number        = {2},
  pages         = {315--321},
  __markedentry = {[Sicafe:1]},
  file          = {:data/Omid2010.pdf:PDF},
  keywords      = {rank2},
  publisher     = {Elsevier},
}

@Article{Prajapati2013,
  author        = {Prajapati, Bhavesh B and Patel, Sachin},
  title         = {Algorithmic approach to quality analysis of {India}n basmati rice using digital image processing},
  journal       = {IJETAE (ISSN 2250-2459, ISO 90001: 2008certified journal)},
  year          = {2013},
  volume        = {3},
  number        = {3},
  pages         = {503--504},
  __markedentry = {[Sicafe:1]},
  file          = {:data/Prajapati2013.pdf:PDF},
  keywords      = {rank1},
  publisher     = {Citeseer},
}

@InProceedings{Sandoval2010,
  author        = {Sandoval, Zulma and Prieto, Flavio and Betancur, Julian},
  title         = {Digital Image Processing for Classification of Coffee Cherries},
  booktitle     = {Electronics, Robotics and Automotive Mechanics Conference (CERMA), 2010},
  year          = {2010},
  pages         = {417--421},
  organization  = {IEEE},
  __markedentry = {[Sicafe:1]},
  file          = {:data/Sandoval2010.pdf:PDF},
  keywords      = {rank1},
}

@Article{Severa2010,
  author        = {Severa, L},
  title         = {Different approaches for coffee bean shape and contour determination.},
  journal       = {Journal of food physics},
  year          = {2010},
  volume        = {23},
  pages         = {33 -- 40},
  __markedentry = {[Sicafe:1]},
  file          = {:data/Severa2010.pdf:PDF},
  keywords      = {rank4},
}

@Article{Hong2013,
  author    = {Hong CHEN and Hong-wu TANG and Yun LIU and Hao WANG and Gui-ping LIU},
  title     = {Measurement of particle size based on digital imaging technique},
  journal   = {Journal of Hydrodynamics, Ser. B},
  year      = {2013},
  volume    = {25},
  number    = {2},
  pages     = {242--248},
  month     = {apr},
  comment   = {1},
  doi       = {10.1016/s1001-6058(13)60359-5},
  file      = {:data/Hong2013.pdf:PDF},
  keywords  = {rank5},
  publisher = {Springer Nature},
}

@Article{Ali2017,
  author    = {Tenvir Ali and Zeeshan Jhandhir and Awais Ahmad and Murad Khan and Arif Ali Khan and Gyu Sang Choi},
  title     = {Detecting fraudulent labeling of rice samples using computer vision and fuzzy knowledge},
  journal   = {Multimedia Tools and Applications},
  year      = {2017},
  volume    = {76},
  number    = {23},
  pages     = {24675--24704},
  month     = {feb},
  comment   = {1},
  doi       = {10.1007/s11042-017-4472-9},
  file      = {:data/Ali2017.pdf:PDF},
  keywords  = {rank5},
  publisher = {Springer Nature},
}

@Article{Ramos2017,
  author    = {P.J. Ramos and F.A. Prieto and E.C. Montoya and C.E. Oliveros},
  title     = {Automatic fruit count on coffee branches using computer vision},
  journal   = {Computers and Electronics in Agriculture},
  year      = {2017},
  volume    = {137},
  pages     = {9--22},
  month     = {may},
  comment   = {1},
  doi       = {10.1016/j.compag.2017.03.010},
  file      = {:data/Ramos2017.pdf:PDF},
  keywords  = {rank5},
  publisher = {Elsevier {BV}},
}

@Article{Nasution2017,
  author    = {T H Nasution and U Andayani},
  title     = {Recognition of Roasted Coffee Bean Levels using Image Processing and Neural Network},
  journal   = {{IOP} Conference Series: Materials Science and Engineering},
  year      = {2017},
  volume    = {180},
  pages     = {012059},
  month     = {mar},
  comment   = {1},
  doi       = {10.1088/1757-899x/180/1/012059},
  file      = {:data/Nasution2017.pdf:PDF},
  keywords  = {rank5},
  publisher = {{IOP} Publishing},
}

@Article{Oliveira2016,
  author    = {Emanuelle Morais de Oliveira and and Dimas Samid Leme and Bruno Henrique Groenner Barbosa and Mirian Pereira Rodarte},
  title     = {A computer vision system for coffee beans classification based on computational intelligence techniques},
  journal   = {Journal of Food Engineering},
  year      = {2016},
  volume    = {171},
  pages     = {22--27},
  month     = {feb},
  comment   = {1},
  doi       = {10.1016/j.jfoodeng.2015.10.009},
  file      = {:data/Oliveira2016.pdf:PDF},
  keywords  = {rank5},
  publisher = {Elsevier {BV}},
}

@Article{Ushma2014,
  author        = {Ushma, A and phil Scholar, M and Shanavas, AR Mohamed},
  title         = {Object Detection In Image Processing Using Edge Detection Techniques},
  journal       = {IOSR Journal of Engineering},
  year          = {2014},
  volume        = {4},
  number        = {3},
  pages         = {10--13},
  __markedentry = {[Sicafe:1]},
  file          = {:data/Ushma2014.pdf:PDF},
  keywords      = {rank2},
}

@Article{Tanck2014,
  author        = {Tanck, Priyankaran and Kaushal, Bipan},
  title         = {A New Technique of Quality Analysis for Rice Grading for Agmark Standards},
  journal       = {International Journal of Innovative Technology and Exploring Engineering (IJITEE)},
  year          = {2014},
  volume        = {3},
  pages         = {83 -- 85},
  __markedentry = {[Sicafe:1]},
  file          = {:data/Tanck2014.pdf:PDF},
  keywords      = {rank1},
}

@Article{Mrutyunjaya2014,
  author        = {Mrutyunjaya, MS and Lakshmikanth, TM and Raghavendra, TK and Praveen, P Naik},
  title         = {Quality Analysis of Rice Grains Using Image Processing Techniques},
  journal       = {Internation Journal of Combined Research and Development},
  year          = {2014},
  volume        = {2},
  pages         = {16 -- 18},
  __markedentry = {[Sicafe:1]},
  file          = {:data/Mrutyunjaya2014.pdf:PDF},
  keywords      = {rank1},
}

@Article{Alvarado2014,
  author        = {Alvarado, Gerardo Loera and Franco, Sergio Humberto Ch{\'a}vez and Salazar, Jos{\'e} Alfredo Carrillo and Carrasco, Jorge Manuel Valdez},
  title         = {Estimaci{\'o}n de superficie de frutos con modelo geom{\'e}trico tridimensional y proyecci{\'o}n geom{\'e}trica basados en im{\'a}genes digitales},
  journal       = {Revista Iberoamericana de Tecnolog√≠a Postcosecha},
  year          = {2014},
  volume        = {15},
  number        = {2},
  pages         = {119--126},
  __markedentry = {[Sicafe:1]},
  file          = {:data/Alvarado2014.pdf:PDF},
  keywords      = {rank1},
  publisher     = {Asociaci√≥n Iberoamericana de Tecnolog√≠a Postcosecha, SC},
}

@Article{Turi2013,
  author   = {Turi, Birhanu and Abebe, Getachew and Goro, Girma},
  title    = {Classification of {Ethiopia}n Coffee Beans Using Imaging Techniques},
  journal  = {East African Journal of Sciences},
  year     = {2013},
  volume   = {7},
  number   = {1},
  pages    = {1--10},
  file     = {:data/Turi2013.pdf:PDF},
  keywords = {rank2},
}

@Article{Siswantoro2013,
  author        = {Siswantoro, Joko and Prabuwono, Anton Satria and Abdulah, Azizi},
  title         = {Volume Measurement of Food Product with Irregular Shape Using Computer Vision and {Monte Carlo} Method: A Framework},
  journal       = {Procedia Technology},
  year          = {2013},
  volume        = {11},
  pages         = {764--770},
  __markedentry = {[Sicafe:1]},
  file          = {:data/Siswantoro2013.pdf:PDF},
  keywords      = {rank1},
  publisher     = {Elsevier},
}

@Article{Kicherer2013,
  author        = {Kicherer, A and Roscher, Ribana and Herzog, Katja and {\v{S}}imon, Silvio and F{\"o}rstner, Wolfgang and T{\"o}pfer, Reinhard},
  title         = {BAT (Berry Analysis Tool): a high-throughput image interpretation tool to acquire the number, diameter, and volume of grapevine berries},
  journal       = {Vitis},
  year          = {2013},
  volume        = {52},
  number        = {3},
  pages         = {129--135},
  __markedentry = {[Sicafe:1]},
  file          = {:data/Kicherer2013.pdf:PDF},
  keywords      = {rank2},
  publisher     = {JKI},
}

@Article{Kambo2013,
  author        = {Kambo, Rubi and Yerpude, Amit},
  title         = {Classification of Basmati Rice Grain Variety using Image Processing and Principal Component Analysis},
  journal       = {IJAREEIE},
  year          = {2013},
  volume        = {2},
  pages         = {2893 -- 2900},
  __markedentry = {[Sicafe:1]},
  file          = {:data/Kambo2013.pdf:PDF},
  keywords      = {rank1},
}

@Article{Cleva2013,
  author        = {Cleva, Mario Sergio and Sampallo, GM and Gonzalez Thomas, AO and Acosta, CA},
  title         = {M{\'e}todo para la determinaci{\'o}n del volumen de una muestra de granos de arroz mediante el procesamiento digital de im{\'a}genes},
  journal       = {RIA. Revista de investigaciones agropecuarias},
  year          = {2013},
  volume        = {39},
  number        = {2},
  pages         = {185--190},
  __markedentry = {[Sicafe:1]},
  file          = {:data/Cleva2013.pdf:PDF},
  keywords      = {rank2},
  publisher     = {SciELO Argentina},
}

@Article{Severa2012,
  author    = {Libor Severa and Jaroslav Buchar and {\v{S}}{\'{a}}rka Nedomov{\'{a}}},
  title     = {Shape and Size Variability of Roasted Arabica Coffee Beans},
  journal   = {International Journal of Food Properties},
  year      = {2012},
  volume    = {15},
  number    = {2},
  pages     = {426--437},
  month     = {mar},
  comment   = {Se hace un estudio de la variabilidad de los granos de caf√©, los granos son medidos manualmente y se usa una aplicacion para poder calcular la esfericidad mediante el uso de descriptores de Fourier},
  doi       = {10.1080/10942912.2010.487967},
  file      = {:data/Severa2012.pdf:PDF},
  publisher = {Informa {UK} Limited},
}

@Article{Kambo2012,
  author        = {Kambo, Rubi and Yerpude, Amit},
  title         = {Principal Component Analysis Based Classification Technique for Basmati Rice Grain Analysis},
  journal       = {dimensions},
  year          = {2012},
  volume        = {1000},
  pages         = {1},
  __markedentry = {[Sicafe:1]},
  file          = {:data/Kambo2012.pdf:PDF},
  keywords      = {rank3},
}

@InProceedings{Aulakh2012,
  author        = {Aulakh, Jagdeep Singh and Banga, VK},
  title         = {Grading of rice grains by image processing},
  booktitle     = {International Journal of Engineering Research and Technology},
  year          = {2012},
  volume        = {1},
  number        = {4 (June-2012)},
  organization  = {ESRSA Publications},
  __markedentry = {[Sicafe:1]},
  file          = {:data/Aulakh2012.pdf:PDF},
  keywords      = {rank2},
}

@Article{Marcon2011,
  author        = {Marcon, Marlon and Mariano, Kleber and Braga, Roberto A and Paglis, Carlos M and Scalco, Myriane S and Horgan, Graham W},
  title         = {Estimation of total leaf area in perennial plants using image analysis},
  journal       = {Revista Brasileira de Engenharia Agr{\'\i}cola e Ambiental},
  year          = {2011},
  volume        = {15},
  number        = {1},
  pages         = {96--101},
  __markedentry = {[Sicafe:1]},
  file          = {:data/Marcon2011.pdf:PDF},
  keywords      = {rank3},
  publisher     = {SciELO Brasil},
}

@Article{Rashidi2010,
  author        = {Rashidi, M and Gholami, M and Abbassi, S},
  title         = {Cantaloupe volume determination through image processing},
  journal       = {Journal of Agricultural Science and Technology},
  year          = {2010},
  volume        = {11},
  pages         = {623--631},
  __markedentry = {[Sicafe:1]},
  file          = {:data/Rashidi2010.pdf:PDF},
  keywords      = {rank3},
}

@Article{Liao2010,
  author    = {Chih-Wei Liao and Jiun-Hung Yu and Yeong-Shin Tarng},
  title     = {On-line full scan inspection of particle size and shape using digital image processing},
  journal   = {Particuology},
  year      = {2010},
  volume    = {8},
  number    = {3},
  pages     = {286--292},
  month     = {jun},
  comment   = {1},
  doi       = {10.1016/j.partic.2010.03.015},
  file      = {:data/Liao2010.pdf:PDF},
  keywords  = {rank5},
  publisher = {Elsevier {BV}},
}

@Article{RicoGarcia2009,
  author        = {Rico-Garcia, Enrique and Hernandez-Hernandez, Fabiola and Soto-Zarazua, Genaro M and Herrera-Ruiz, GILBERTO and others},
  title         = {Two new methods for the estimation of leaf area using digital photography},
  journal       = {International journal of agriculture and biology},
  year          = {2009},
  volume        = {11},
  number        = {4},
  pages         = {397--400},
  __markedentry = {[Sicafe:1]},
  file          = {:data/RicoGarcia2009.pdf:PDF},
  keywords      = {rank3},
  publisher     = {Friends Science Publishers},
}

@Article{Pan2009,
  author    = {Pan, Bing and Qian, Kemao and Xie, Huimin and Asundi, Anand},
  title     = {Two-dimensional digital image correlation for in-plane displacement and strain measurement: a review},
  journal   = {Measurement science and technology},
  year      = {2009},
  volume    = {20},
  number    = {6},
  pages     = {062001},
  file      = {:data/Pan2009.pdf:PDF},
  keywords  = {rank2},
  publisher = {IOP Publishing},
}

@Article{FiratligilDurmus2008,
  author        = {Firatligil-Durmus, Ebru and {\v{S}}{\'a}rka, Ev{\v{z}}en and BuBN{\'\i}k, Zden{\v{e}}k},
  title         = {Image vision technology for the characterisation of shape and geometrical properties of two varieties of lentil grown in {Turkey}},
  journal       = {Czech J. Food Sci. Vol},
  year          = {2008},
  volume        = {26},
  number        = {2},
  pages         = {109--116},
  __markedentry = {[Sicafe:1]},
  file          = {:data/FiratligilDurmus2008.pdf:PDF},
  keywords      = {rank1},
}

@Article{Sadrnia2007,
  author        = {Sadrnia, Hassan and Rajabipour, Ali and Jafary, Ali and Javadi, Arzhang and Mostofi, Younes},
  title         = {Classification and analysis of fruit shapes in long type watermelon using image processing},
  journal       = {Int. J. Agric. Biol},
  year          = {2007},
  volume        = {1},
  pages         = {68--70},
  __markedentry = {[Sicafe:1]},
  file          = {:data/Sadrnia2007.pdf:PDF},
  keywords      = {rank3},
}

@Article{Koc2007,
  author        = {Koc, Ali Bulent},
  title         = {Determination of watermelon volume using ellipsoid approximation and image processing},
  journal       = {Postharvest Biology and Technology},
  year          = {2007},
  volume        = {45},
  number        = {3},
  pages         = {366--371},
  __markedentry = {[Sicafe:1]},
  file          = {:data/Koc2007.pdf:PDF},
  keywords      = {rank3},
  publisher     = {Elsevier},
}

@Article{Wang2006,
  author    = {Weixing Wang},
  title     = {Image analysis of particles by modified Ferret method {\textemdash} best-fit rectangle},
  journal   = {Powder Technology},
  year      = {2006},
  volume    = {165},
  number    = {1},
  pages     = {1--10},
  month     = {jun},
  comment   = {Metodo del mejor rectangulo para la medicion de particulas
1},
  doi       = {10.1016/j.powtec.2006.03.017},
  file      = {:data/Wang2006.pdf:PDF},
  keywords  = {rank5},
  publisher = {Elsevier {BV}},
}

@Misc{Lara2005,
  author    = {Lara, Leonel},
  title     = {Efectos de la altitud, sombra, producci{\'o}n y fertilizaci{\'o}n sobre la calidad del caf{\'e} ( Coffea arabica L. var. Caturra) producido en sistemas agroforestales de la zona cafetalera norcentral de Nicaragua},
  year      = {2005},
  comment   = {1},
  doi       = {10.13140/rg.2.1.3780.3286},
  file      = {:data/Lara2005.pdf:PDF},
  keywords  = {rank5},
  publisher = {Unpublished},
}

@Article{Khojastehnazhand,
  author   = {M. Khojastehnazhand},
  title    = {Determination of orange volume and surface area using image processing technique},
  journal  = {Int. Agrophysics},
  year     = {2009},
  volume   = {23},
  pages    = {237 - 242},
  file     = {:data/Khojastehnazhand.pdf:PDF},
  keywords = {rank2},
}

@Manual{Funez2010,
  title    = {Protocolo de an{\'a}lisis de calidad de caf{\'e}},
  author   = {Nelson Omar F{\'u}nez},
  year     = {2010},
  isbn     = {978-92-9248-236-7},
  comment  = {1},
  file     = {:data/Funez2010.pdf:PDF},
  keywords = {rank5},
}

@InProceedings{Portugal2016,
  author    = {Christian E. Portugal Zambrano and Juan C. Gutierrez Caceres and Juan Ramirez Ticona and Cesar A. Beltran Castanon},
  title     = {Computer vision grading system for physical quality evaluation of green coffee beans},
  booktitle = {2016 {XLII} Latin American Computing Conference ({CLEI})},
  year      = {2016},
  month     = {oct},
  publisher = {{IEEE}},
  comment   = {1},
  doi       = {10.1109/clei.2016.7833383},
  file      = {:data/Portugal2016.pdf:PDF},
  keywords  = {rank5},
}

@InProceedings{Gao2017,
  author    = {Ke Gao and Tommi White and Kannappan Palaniappan and Michele Warmund and Filiz Bunyak},
  title     = {Museed: A mobile image analysis application for plant seed morphometry},
  booktitle = {2017 {IEEE} International Conference on Image Processing ({ICIP})},
  year      = {2017},
  month     = {sep},
  publisher = {{IEEE}},
  comment   = {considerar},
  doi       = {10.1109/icip.2017.8296798},
  file      = {:data/Gao2017.pdf:PDF},
}

@Article{Tanabata2012,
  author    = {T. Tanabata and T. Shibaya and K. Hori and K. Ebana and M. Yano},
  title     = {{SmartGrain}: High-Throughput Phenotyping Software for Measuring Seed Shape through Image Analysis},
  journal   = {{PLANT} {PHYSIOLOGY}},
  year      = {2012},
  volume    = {160},
  number    = {4},
  pages     = {1871--1880},
  month     = {oct},
  comment   = {Diferenciar bien
1},
  doi       = {10.1104/pp.112.205120},
  file      = {:data/Tanabata2012.pdf:PDF},
  keywords  = {rank5},
  publisher = {American Society of Plant Biologists ({ASPB})},
}

@Article{Budzan2018,
  author    = {Sebastian Budzan and Marek Pawe{\l}czyk},
  title     = {Grain size determination and classification using adaptive image segmentation with shape information for milling quality evaluation},
  journal   = {Diagnostyka},
  year      = {2018},
  volume    = {19},
  number    = {1},
  pages     = {41--48},
  month     = {mar},
  comment   = {1},
  doi       = {10.29354/diag/80974},
  file      = {:data/Budzan2018.pdf:PDF},
  keywords  = {rank5},
  publisher = {Polskie Towarzystwo Diagnostyki Technicznej},
}

@Manual{Figueroa2015,
  title    = {La producci{\'o}n y el consumo del caf{\'e}},
  author   = {Esther Figueroa and Francisco P{\'e}rez and Lucila God{\'i}nez},
  year     = {2015},
  isbn     = {978-607-8324-49-1},
  comment  = {1
P√°gina 61},
  file     = {:data/Figueroa2015.pdf:PDF},
  keywords = {rank5},
}

@Booklet{Diaz2017,
  title    = {L{\'i}nea de Base del Sector Caf{\'e} en el Per{\'u}},
  author   = {Carlos D{\'i}az and Meike Willems},
  year     = {2017},
  comment  = {1},
  file     = {:data/Diaz2017.pdf:PDF},
  keywords = {rank5},
}

@Manual{Marin2013,
  title    = {Control de calidad del caf{\'e}},
  author   = {Gino Mar{\'i}n},
  year     = {2013},
  isbn     = {978-612-4043-46-8},
  comment  = {1},
  file     = {:data/Marin2013.pdf:PDF},
  keywords = {rank5},
}

@Book{Allen1981,
  title     = {Particle size measurement (Powder technology series)},
  publisher = {Chapman and Hall},
  year      = {1981},
  author    = {Terence Allen},
  isbn      = {978-0-412-15410-2},
  file      = {:data/Allen1981.pdf:PDF},
  url       = {https://www.amazon.com/Particle-size-measurement-Powder-technology/dp/0412154102?SubscriptionId=AKIAIOBINVZYXZQZ2U3A&tag=chimbori05-20&linkCode=xm2&camp=2025&creative=165953&creativeASIN=0412154102},
}

@Book{FonaCosta2009,
  title     = {Shape Classification and Analysis: Theory and Practice, Second Edition (Image Processing Series)},
  publisher = {CRC Press},
  year      = {2009},
  author    = {Luciano da Fona Costa and Roberto Marcond Cesar Jr.},
  isbn      = {9780849379291},
  file      = {:data/FonaCosta2009.pdf:PDF},
  url       = {https://www.amazon.com/Shape-Classification-Analysis-Practice-Processing/dp/0849379296?SubscriptionId=AKIAIOBINVZYXZQZ2U3A&tag=chimbori05-20&linkCode=xm2&camp=2025&creative=165953&creativeASIN=0849379296},
}

@Book{Merkus2009,
  title     = {Particle Size Measurements},
  publisher = {Springer-Verlag GmbH},
  year      = {2009},
  author    = {Merkus, Henk G.},
  isbn      = {1402090153},
  date      = {2009-01-20},
  ean       = {9781402090158},
  file      = {:data/Merkus2009.pdf:PDF},
  url       = {https://www.ebook.de/de/product/7682399/henk_g_merkus_particle_size_measurements.html},
}

@Article{Nansen2016,
  author    = {Christian Nansen and Keshav Singh and Ajmal Mian and Brittany J. Allison and Christopher W. Simmons},
  title     = {Using hyperspectral imaging to characterize consistency of coffee brands and their respective roasting classes},
  journal   = {Journal of Food Engineering},
  year      = {2016},
  volume    = {190},
  pages     = {34--39},
  month     = {dec},
  comment   = {1},
  doi       = {10.1016/j.jfoodeng.2016.06.010},
  file      = {:data/Nansen2016.pdf:PDF},
  keywords  = {rank5},
  publisher = {Elsevier {BV}},
}

@InProceedings{Carrillo2009,
  author    = {Eduardo Carrillo and Alexander Aristiz{\'a}bal Pe{\~n}aloza},
  title     = {Artificial vision to assure coffee-Excelso beans quality},
  booktitle = {Proceedings of the 2009 Euro American Conference on Telematics and Information Systems New Opportunities to increase Digital Citizenship - EATIS 09},
  year      = {2009},
  publisher = {{ACM} Press},
  comment   = {1},
  doi       = {10.1145/1551722.1551757},
  file      = {:data/Carrillo2009.pdf:PDF},
  keywords  = {rank5},
}

@InProceedings{RamirezTicona2016,
  author    = {Juan RamirezTicona and Juan C. Gutierrez-Caceres and Christian E. Portugal-Zambrano},
  title     = {Cell-phone based model for the automatic classification of coffee beans defects using white patch},
  booktitle = {2016 {XLII} Latin American Computing Conference ({CLEI})},
  year      = {2016},
  month     = {oct},
  publisher = {{IEEE}},
  comment   = {1},
  doi       = {10.1109/clei.2016.7833335},
  file      = {:data/RamirezTicona2016.pdf:PDF},
  keywords  = {rank5},
}

@Book{Soille2004,
  title     = {Morphological Image Analysis: Principles and Applications},
  publisher = {Springer},
  year      = {2004},
  author    = {Pierre Soille},
  isbn      = {978-3-642-07696-1},
  file      = {:data/Soille2004.pdf:PDF},
  url       = {https://www.amazon.com/Morphological-Image-Analysis-Principles-Applications/dp/3642076963?SubscriptionId=AKIAIOBINVZYXZQZ2U3A&tag=chimbori05-20&linkCode=xm2&camp=2025&creative=165953&creativeASIN=3642076963},
}

@Book{Gonzalez2007,
  title     = {Digital Image Processing (3rd Edition)},
  publisher = {Pearson},
  year      = {2007},
  author    = {Rafael C. Gonzalez and Richard E. Woods},
  isbn      = {978-0-13-168728-8},
  file      = {:data/Gonzalez2007.pdf:PDF},
  url       = {https://www.amazon.com/Digital-Image-Processing-Rafael-Gonzalez/dp/013168728X?SubscriptionId=AKIAIOBINVZYXZQZ2U3A&tag=chimbori05-20&linkCode=xm2&camp=2025&creative=165953&creativeASIN=013168728X},
}

@Manual{Hilten2011,
  title        = {Gu{\'i}a del Exportador de Caf{\'e}},
  author       = {Hein Jan van Hilten},
  organization = {Centro de Comercio Internacional 2011},
  address      = {1202 Ginebra, Suiza},
  year         = {2011},
  isbn         = {978-92-9137-398-7},
  comment      = {pag 226},
  file         = {:data/Hilten2011.pdf:PDF},
  keywords     = {rank5},
}

@Article{Birhanu2015,
  author   = {Birhanu Hailu and Tesfa Tegegne},
  title    = {Ethiopian Roasted Coffee Classification Using Imaging Techniques},
  journal  = {International Conference on the Advancement of Science and Technology},
  year     = {2015},
  pages    = {23-29},
  comment  = {1},
  file     = {:data/Birhanu2015.pdf:PDF},
  keywords = {rank5},
}

@InProceedings{Arboleda2018,
  author    = {Edwin R. Arboleda and Arnel C. Fajardo and Ruji P. Medina},
  title     = {Classification of coffee bean species using image processing, artificial neural network and K nearest neighbors},
  booktitle = {2018 {IEEE} International Conference on Innovative Research and Development ({ICIRD})},
  year      = {2018},
  month     = {may},
  publisher = {{IEEE}},
  comment   = {1},
  doi       = {10.1109/icird.2018.8376326},
  file      = {:data/Arboleda2018.pdf:PDF},
  keywords  = {rank5},
}

@Article{Chitra2016,
  author    = {H. Salome Hema Chitra and S. Suguna and S. Naganandini Sujatha},
  title     = {A Survey on Image Analysis Techniques in Agricultural Product},
  journal   = {Indian Journal of Science and Technology},
  year      = {2016},
  volume    = {9},
  number    = {12},
  month     = {mar},
  doi       = {10.17485/ijst/2016/v9i12/77171},
  file      = {:data/Chitra2016.pdf:PDF},
  publisher = {Indian Society for Education and Environment},
}

@Book{Sonka2014,
  title     = {Image Processing, Analysis, and Machine Vision},
  publisher = {CENGAGE LEARNING},
  year      = {2014},
  author    = {Sonka, Milan and Hlavac, Vaclav and Boyle, Roger},
  isbn      = {1133593607},
  date      = {2014-01-01},
  ean       = {9781133593607},
  file      = {:data/Sonka2014.pdf:PDF},
  pagetotal = {869},
  url       = {https://www.ebook.de/de/product/21323846/milan_sonka_vaclav_hlavac_roger_boyle_image_processing_analysis_and_machine_vision.html},
}

@Book{WilhelmBurger2016,
  title     = {Digital Image Processing},
  publisher = {Springer-Verlag GmbH},
  year      = {2016},
  author    = {Wilhelm Burger, Mark J. Burge},
  isbn      = {1447166833},
  date      = {2016-04-08},
  ean       = {9781447166832},
  file      = {:data/WilhelmBurger2016.pdf:PDF},
  url       = {https://www.ebook.de/de/product/23646308/wilhelm_burger_mark_j_burge_digital_image_processing.html},
}

@Article{Castillo2014,
  author    = {Alejandro Castillo and Jaime Ortegon and Javier Vazquez and Jorge Rivera},
  title     = {Virtual Laboratory for Digital Image Processing},
  journal   = {{IEEE} Latin America Transactions},
  year      = {2014},
  volume    = {12},
  number    = {6},
  pages     = {1176--1181},
  month     = {sep},
  doi       = {10.1109/tla.2014.6894017},
  file      = {:data/Castillo2014.pdf:PDF},
  keywords  = {rank5},
  publisher = {Institute of Electrical and Electronics Engineers ({IEEE})},
}

@Comment{jabref-meta: databaseType:bibtex;}
